@INPROCEEDINGS{mahmoodetal12,
  AUTHOR = {Mahmood, Riyadh and Esfahani, Naeem and Kacem, Thabet and Mirzaei, Nariman and Malek, Sam and Stavrou, Angelos},
  TITLE = {A Whitebox Approach for Automated Security Testing of Android Applications on the Cloud},
  BOOKTITLE = {7th International Workshop on Automation of Software Test (AST) },
  YEAR = {2012},
  MONTH = {June},
  PAGES = {22--28}
}
@INPROCEEDINGS{mirzaeietal12,
  AUTHOR = {Mirzaei, Nariman and Malek, Sam and Păsăreanu, Corina S. and Esfahani, Naeem and Mahmood, Riyadh},
  TITLE = {Testing Android Apps Through Symbolic Execution},
  BOOKTITLE = {JPF Workshop},
  YEAR = {2012},
}
@INPROCEEDINGS{hyungkeunetal11,
  AUTHOR = {Hyungkeun, Song and Seokmoon, Ryoo and Jin,  Hyung Kim },
  TITLE = {An Integrated Test Automation Framework for Testing on Heterogeneous Mobile Platforms},
  BOOKTITLE = {First ACIS International Symposium on Software and Network Engineering},
  YEAR = {2011},
  PAGES = {141--145}
}
@INPROCEEDINGS{takalaetal11,
  AUTHOR = {Takala, Tommi and Katara, Mika and Harty, Julian },
  TITLE = {Experiences of System-Level Model-Based GUI Testing of an Android Application},
  BOOKTITLE = {IEEE Fourth International Conference on Software Testing, Verification and Validation (ICST)},
  YEAR = {2011},
  PAGES = {377--386}
}
@INPROCEEDINGS{abrahamsson04,
  AUTHOR = {Abrahamsson, Pekka and Hanhineva, Antti and Hulkko, Hanna and Ihme, Tuomas and Jäälinoja, Juho and Korkala, Mikko and Koskela, Juha and Kyllönen, Pekka and Salo, Outi},
  YEAR = {2004},
  PAGES = {174--175},
  title = {Mobile-D: an agile approach for mobile application development},
  booktitle = {Companion to the 19th annual ACM SIGPLAN conference on Object-oriented programming systems, languages, and applications},
  series = {OOPSLA '04},
  isbn = {1-58113-833-4},
  location = {Vancouver},
  url = {http://doi.acm.org/10.1145/1028664.1028736},
  publisher = {ACM},
  address = {New York}
}
@INPROCEEDINGS{zhongqianetal,
  title={Keyword-Driven Testing Framework For Android Applications},
  author={Zhongqian, Wu and Shu, Liu and Jinzhe, Li and Zengzeng, Liao},
  year={2013},
  pages={1096--1102},
  booktitle = {Proceedings of the 2nd International Conference on Computer Science and Electronics Engineering (ICCSEE 2013)},
  location = {Hangzhou, China}
}
@INPROCEEDINGS{kropp10,
  AUTHOR = {Kropp, Martin and Morales, Pamela },
  TITLE = {Automated GUI Testing on the Android Platform},
  BOOKTITLE = {Proceedings of the 22nd IFIP International Conference on Testing Software and Systems: Short Papers},
  YEAR = {2010},
  MONTH = {October},
  PAGES = {67--72}
}
@INPROCEEDINGS{hu10,
  AUTHOR = {Hu, Cuixiong and Neamtiu, Iulian},
  TITLE = {Automating GUI Testing for Android Applications},
  BOOKTITLE = {Proceedings of the 6th International Workshop on Automation of Software Test},
  YEAR = {2011},
  PAGES = {77--83}
}
@INPROCEEDINGS{wasserman10,
  AUTHOR = {Wasserman, Anthony I.},
  TITLE= {Software Engineering Issues for Mobile Application Development},
  BOOKTITLE = {Proceedings of the FSE/SDP workshop on Future of software engineering research},
  YEAR = {2010},
  PAGES = {397--400}
}
@INPROCEEDINGS{robolift,
  AUTHOR = {Allevato, Anthony and Edwards, Stephen H.},
  TITLE= {RoboLIFT: engaging CS2 students with testable, automatically evaluated android applications},
  BOOKTITLE = {Proceedings of the 43rd ACM technical symposium on Computer Science Education},
  YEAR = {2012},
  PAGES = {547--552},
  series = {SIGCSE '12},
  isbn = {978-1-4503-1098-7},
  location = {Raleigh},
  url = {http://doi.acm.org/10.1145/2157136.2157293},
  publisher = {ACM},
  address = {New York},
}
@INPROCEEDINGS{benli12,
  AUTHOR = {Benli, Selin and Habash, Anthony and Herrmann, Andy and Loftis, Tyler and Simmonds, Devon},
  TITLE= {A Comparative Evaluation of Unit Testing Techniques on a Mobile Platform},
  booktitle={Information Technology: New Generations (ITNG), 2012 Ninth International Conference on},
  location={Las Vegas},
  YEAR = {2012},
  PAGES = {263--268},
  organization={IEEE}
}
@INPROCEEDINGS{michael02,
  AUTHOR = {Michael, James B. and Bossuyt, Bernard J. and Snyder, Byron B.},
  TITLE= {Metrics for Measuring the Effectiveness of Software-Testing Tools},
  YEAR = {2002},
  PAGES = {117--128},
  booktitle={Proceedings of 13th International Symposium on Software Reliability Engineering},
  location={Annapolis, MD, USA},
  organization={IEEE}
}
@INCOLLECTION{maetal11,
  AUTHOR = {Ma, Xiaoxiao and Yan, Bo and Chen, Guanling and Zhang, Chunhui and Huang, Ke and Drury, Jill},
  TITLE = {A Toolkit for Usability Testing of Mobile Applications},
  BOOKTITLE = {Lecture Notes of the Institute for Computer Sciences, Social Informatics and Telecommunications Engineering},
  YEAR = {2011},
  PUBLISHER = {Springer},
  EDITOR = {Zhang, Joy Ying and Wilkiewicz, Jarek and Nahapetian, Ani},
  PAGES = {226--245}
}
@INCOLLECTION{hampark11,
  AUTHOR = {Ham, Hyung Kiland and Park, Young Bom},
  TITLE = {Mobile Application Compatibility Test System Design for Android Fragmentation},
  BOOKTITLE = {Software Engineering, Business Continuity, and Education},
  YEAR = {2011},
  PUBLISHER = {Springer},
  EDITOR = {Kim, Tai-hoon and Adeli, Hojjat and Kim, Haeng-kon and Kang, Heau-jo and Kim, Kyung Jung and Kiumi, Akingbehin and Kang, Byeong-Ho},
  PAGES = {314--320}
}
@INCOLLECTION{sadehetal11,
  AUTHOR = {Sadeh, Ben  and Ørbekk, Kjetil and Eide, Magnus M. and Gjerde, Njaal C.A. and Tønnesland, Trygve A. and Gopalakrishnan, Sundar},
  TITLE = {Towards Unit Testing of User Interface Code for Android Mobile Applications},
  BOOKTITLE = {Software Engineering and Computer Systems},
  YEAR = {2011},
  PUBLISHER = {Springer},
  ADDRESS = {New York},
  EDITOR = {Zain, Jasni Mohamad and Maseri, Wan and Mohd, Wan and El-Qawasmeh, Eyas},
  PAGES = {163--175}
}
@TECHREPORT{troyd,
  AUTHOR = {Jeon, Jinseong and Foster, Jeffrey S.},
  TITLE = {Troyd: Integration Testing for Android},
  INSTITUTION = {University of Maryland},
  YEAR = {2012},
  MONTH = {August},
  URL = {http://drum.lib.umd.edu/handle/1903/12880}
}
@MASTERSTHESIS{spataru10,
  AUTHOR = {Spataru, Andrei Cristian},
  TITLE = {Agile Development Methods for Mobile Applications},
  SCHOOL = {University of Edinburgh},
  YEAR = {2010}
}
@INPROCEEDINGS{fuzztesting,
  title={Automated Whitebox Fuzz Testing.},
  author={Godefroid, Patrice and Levin, Michael Y and Molnar, David A and others},
  booktitle={Proceedings of 16th Annual Network & Distributed System Security Symposium},
  location={San Diego},
  volume={8},
  pages={151--166},
  year={2008}
}
@MISC{wikiandroid,
  TITLE = {Android (operating system)},
  URL = {http://en.wikipedia.org/wiki/Android\_(operating\_system)},
  NOTE = {Haettu 23.10.2013}
}
@MISC{android,
  TITLE = {Android developer documentation},
  URL = {http://developer.android.com/},
  NOTE = {Haettu 23.10.2013}
}
@MISC{monkeyrunner,
  TITLE = {Monkeyrunner Androidin kehittäjädokumentaatiossa},
  URL = {http://developer.android.com/tools/help/monkeyrunner_concepts.html},
  NOTE = {Haettu 23.10.2013}
}
@MISC{uiautomator,
  TITLE = {Uiautomator Androidin kehittäjädokumentaatiossa},
  URL = {http://developer.android.com/tools/help/uiautomator/index.html},
  NOTE = {Haettu 23.10.2013}
}
@MISC{monkey,
  TITLE = {Monkey Androidin kehittäjädokumentaatiossa},
  URL = {http://developer.android.com/tools/help/monkey.html},
  NOTE = {Haettu 23.10.2013}
}
@MISC{android_testing,
  TITLE = {Testaus Androidin kehittäjädokumentaatiossa},
  URL = {http://developer.android.com/tools/testing/testing_android.html},
  NOTE = {Haettu 23.10.2013}
}
@MISC{robotium,
  TITLE = {Robotiumin kotisivut},
  URL = {http://code.google.com/p/robotium/},
  NOTE = {Haettu 23.10.2013}
}
@MISC{selenium,
  TITLE = {Seleniumin kotisivut},
  URL = {http://seleniumhq.org/},
  NOTE = {Haettu 23.10.2013}
}
@MISC{appthwack,
  TITLE = {Appthwackin kotisivut},
  URL = {http://www.appthwack.com/},
  NOTE = {Haettu 23.10.2013}
}
@MISC{junit,
  TITLE = {JUnitin kotisivut},
  URL = {http://www.junit.org/},
  NOTE = {Haettu 23.10.2013}
}
@MISC{android_versions,
  TITLE = {Android Platform Versions},
  URL = {http://developer.android.com/about/dashboards/index.html},
  NOTE = {Haettu 23.10.2013}
}
@MISC{mobiled,
  TITLE = {Mobile-D-projektin kotisivut},
  URL = {http://agile.vtt.fi/mobiled.html},
  NOTE = {Haettu 23.10.2013}
}
@MISC{android_version_history,
  TITLE = {Android Version History},
  URL = {http://en.wikipedia.org/wiki/Android\_version\_history},
  NOTE = {Haettu 23.10.2013}
}
@MISC{robolectric,
  TITLE = {Robolectricin kotisivut},
  URL = {http://robolectric.org/},
  NOTE = {Haettu 23.10.2013}
}
@MISC{testunit,
  TITLE = {Test::Unitin kotisivut},
  URL = {http://test-unit.rubyforge.org/},
  NOTE = {Haettu 23.10.2013}
}
@MISC{tomdroid,
  TITLE = {Tomdroidin kotisivut},
  URL = {https://code.launchpad.net/tomdroid},
  NOTE = {Haettu 23.10.2013}
}
@MISC{maven,
  TITLE = {Apache Mavenin kotisivut},
  URL = {http://maven.apache.org/},
  NOTE = {Haettu 23.10.2013}
}
@MISC{ant,
  TITLE = {Apache Ant},
  URL = {http://ant.apache.org/},
  NOTE = {Haettu 23.10.2013}
}
@MISC{kindle_fire,
  TITLE = {Amazon Kindle Wikipediassa},
  URL = {http://en.wikipedia.org/wiki/Amazon_Kindle},
  NOTE = {Haettu 23.10.2013}
}
@MISC{tomdroid_github,
  TITLE = {Tomdroid 0.7.2 lähdekoodi},
  URL = {https://github.com/jniemisto/tomdroid},
  NOTE = {Haettu 23.10.2013}
}
@MISC{sample_runner,
  TITLE = {Robolectric-testiprojekti},
  URL = {https://github.com/jmschultz/Eclipse-Robolectric-Example},
  NOTE = {Haettu 23.10.2013}
}
@MISC{mockito,
  TITLE = {Mockiton kotisivut},
  URL = {https://code.google.com/p/mockito/},
  NOTE = {Haettu 23.10.2013}
}
@MISC{troyd_github,
  TITLE = {Troydin lähdekoodi},
  URL = {https://github.com/plum-umd/troyd},
  NOTE = {Haettu 23.10.2013}
}
@MISC{eclipse,
  TITLE = {Eclipsen kotisivut},
  URL = {http://www.eclipse.org},
  NOTE = {Haettu 23.10.2013}
}
@MISC{google_play,
  TITLE = {Google Play:n kotisivut},
  URL = {http://play.google.com},
  NOTE = {Haettu 23.10.2013}
}
@MISC{publish_android,
  TITLE = {Sovelluksen julkaisun dokumentaatio Androidin kehittäjäsivuilla},
  URL = {http://developer.android.com/distribute/index.html},
  NOTE = {Haettu 23.10.2013}
}
@MISC{rvm,
  TITLE = {RVM:n kotisivut},
  URL = {https://rvm.io},
  NOTE = {Haettu 23.10.2013}
}
@MISC{ruby_187,
  TITLE = {Ilmoitus Ruby 1.8.7 -tuen päättymisestä},
  URL = {http://www.ruby-lang.org/en/news/2013/06/30/we-retire-1-8-7/},
  NOTE = {Haettu 23.10.2013}
}

@INCOLLECTION{mocking,
  AUTHOR = {Mackinnon, T. and Freeman, S. and Craig, P.},
  TITLE = {Endo-testing: unit testing with mock objects},
  BOOKTITLE = {Extreme Programming Examined},
  YEAR = {2001},
  PUBLISHER = {Addison-Wesley},
  ADDRESS = {Boston},
  PAGES = {287--301}
}
@BOOK{testing,
  AUTHOR = {Pezzè, Mauro and Young, Michal},
  TITLE = {Software Testing And Analysis},
  PUBLISHER = {John Wiley & Sons},
  ADDRESS = {Hoboken, N.J.},
  YEAR = {2008}
}
@BOOK{agile_development,
  AUTHOR = {Martin, Robert Cecil},
  TITLE = {Agile Software Development - Principles, Patterns, and Practices},
  ADDRESS = {Upper Saddle River, N.J.},
  YEAR = {2003},
  PUBLISHER = {Prentice Hall PTR}
}
@BOOK{testing_foundations,
  AUTHOR = {Spillner, Andreas and Linz, Tilo and Schaefer, Hans},
  TITLE = {Software Testing Foundations},
  PUBLISHER = {Rocky Nook},
  ADDRESS = {Santa Barbara, CA},
  YEAR = {2009}
}
@BOOK{tdd,
  AUTHOR = {Beck, Kent},
  TITLE = {Test-driven development: by example},
  PUBLISHER = {Addison-Wesley},
  ADDRESS = {Boston},
  YEAR = {2003}
}
@ARTICLE{android_security,
  AUTHOR = {Ongtang, M. and McDaniel, P},
  TITLE = {Understanding Android Security},
  JOURNAL = {IEEE Security & Privacy},
  YEAR = {2009}
}
@MANUAL{android_compatibility,
  TITLE = {Android 4.1 Compatibility Definition},
  URL = {http://static.googleusercontent.com/external\_content/untrusted\_dlcp/source.android.com/en//compatibility/4.1/android-4.1-cdd.pdf},
  NOTE = {Haettu 23.10.2013}
}
@ARTICLE{poston92,
  TITLE = {Evaluating and selecting testing tools},
  author={Poston, Robert M. and Sexton, Michael P.},
  journal={Software, IEEE},
  volume={9},
  number={3},
  pages={33--42},
  year={1992},
  publisher={IEEE}
}
@BOOK{androidgamedev,
  AUTHOR = {Zechner, Mario and Green, Robert},
  TITLE = {Beginning Android 4 Games Development},
  PUBLISHER = {Springer},
  ADDRESS = {New York},
  YEAR = {2011}
}